<?xml version="1.0" encoding="UTF-8"?><record xmlns="http://www.loc.gov/MARC21/slim" xmlns:cinclude="http://apache.org/cocoon/include/1.0" xmlns:zs="http://www.loc.gov/zing/srw/">
  <leader>00361nz  a2200121n  4500</leader>
  <controlfield tag="001">n  88637196 </controlfield>
  <controlfield tag="003">DLC</controlfield>
  <controlfield tag="005">19880518100953.1</controlfield>
  <controlfield tag="008">880518n| acannaab|          |n aad |||  </controlfield>
  <datafield tag="010" ind1=" " ind2=" ">
    <subfield code="a">n  88637196 </subfield>
  </datafield>
  <datafield tag="040" ind1=" " ind2=" ">
    <subfield code="a">DLC</subfield>
    <subfield code="c">DLC</subfield>
    <subfield code="d">DLC</subfield>
  </datafield>
  <datafield tag="100" ind1="1" ind2="0">
    <subfield code="a">Murphy, Jamie E.</subfield>
  </datafield>
  <datafield tag="670" ind1=" " ind2=" ">
    <subfield code="a">nuc88-45803: Cherry, K. Conversion, 1979</subfield>
    <subfield code="b">(hdg. on CoU rept.: Murphy, Jamie E.; usage: Jamie E. Murphy)</subfield>
  </datafield>
</record>